@article{beardsell1999spatial,
  title={Spatial evolution of the computer industry in the USA},
  author={Beardsell, Mark and Henderson, Vernon},
  journal={European Economic Review},
  volume={43},
  number={2},
  pages={431--456},
  year={1999},
  publisher={Elsevier}
}

@article{bednarz2020pulled,
  title={Pulled or pushed? The spatial diffusion of wind energy between local demand and supply},
  author={Bednarz, Marcel and Broekel, Tom},
  journal={Industrial and Corporate Change},
  volume={29},
  number={4},
  pages={893--916},
  year={2020},
  publisher={Oxford University Press}
}

@article{bento2015spatial,
  title={Spatial diffusion and the formation of a technological innovation system in the receiving country: The case of wind energy in Portugal},
  author={Bento, Nuno and Fontes, Margarida},
  journal={Environmental Innovation and Societal Transitions},
  volume={15},
  pages={158--179},
  year={2015},
  publisher={Elsevier}
}

@article{das2022diffusion,
  title={Diffusion of innovations: Theoretical perspectives and empirical evidence},
  author={Das, Bibhunandini},
  journal={African Journal of Science, Technology, Innovation and Development},
  volume={14},
  number={1},
  pages={94--103},
  year={2022},
  publisher={Taylor \& Francis}
}

@article{lengyel2020role,
  title={The role of geography in the complex diffusion of innovations},
  author={Lengyel, Bal{\'a}zs and Bok{\'a}nyi, Eszter and Di Clemente, Riccardo and Kert{\'e}sz, J{\'a}nos and Gonz{\'a}lez, Marta C},
  journal={Scientific reports},
  volume={10},
  number={1},
  pages={1--11},
  year={2020},
  publisher={Nature Publishing Group}
}

@article{morrill2020spatial,
  title={Spatial diffusion},
  author={Morrill, Richard and Gaile, Gary L and Thrall, Grant Ian},
  year={1988},
  publisher={Sage Publications}
}

@article{zook2022mapping,
  title={Mapping the uneven geographies of digital phenomena: The case of blockchain},
  author={Zook, Matthew and McCanless, Michael},
  journal={The Canadian Geographer/Le G{\'e}ographe canadien},
  volume={66},
  number={1},
  pages={23--36},
  year={2022},
  publisher={Wiley Online Library}
}

@article{leibowicz2016representing,
  title={Representing spatial technology diffusion in an energy system optimization model},
  author={Leibowicz, Benjamin D and Krey, Volker and Grubler, Arnulf},
  journal={Technological Forecasting and Social Change},
  volume={103},
  pages={350--363},
  year={2016},
  publisher={Elsevier}
}

@article{wilson201281,
title = {Up-scaling, formative phases, and learning in the historical diffusion of energy technologies},
journal = {Energy Policy},
volume = {50},
pages = {81-94},
year = {2012},
note = {Special Section: Past and Prospective Energy Transitions - Insights from History},
issn = {0301-4215},
doi = {https://doi.org/10.1016/j.enpol.2012.04.077},
url = {https://www.sciencedirect.com/science/article/pii/S030142151200393X},
author = {Charlie Wilson},
keywords = {Formative phases, Learning, Up-scaling}
}

@article{grubler1999dynamics,
  title={Dynamics of energy technologies and global change},
  author={Gr{\"u}bler, Arnulf and Naki{\'c}enovi{\'c}, Neboj{\v{s}}a and Victor, David G},
  journal={Energy policy},
  volume={27},
  number={5},
  pages={247--280},
  year={1999},
  publisher={Elsevier}
}

@book{grubler1990rise,
  title={The rise and fall of infrastructures: dynamics of evolution and technological change in transport},
  author={Grubler, Arnulf},
  year={1990},
  publisher={Physica-Verlag}
}

@article{ding2010modeling,
  title={Modeling the spatial diffusion of mobile telecommunications in China},
  author={Ding, Lei and Haynes, Kingsley E and Li, Huaqun},
  journal={The Professional Geographer},
  volume={62},
  number={2},
  pages={248--263},
  year={2010},
  publisher={Taylor \& Francis}
}

@article{bento2018time,
  title={Time to get ready: Conceptualizing the temporal and spatial dynamics of formative phases for energy technologies},
  author={Bento, Nuno and Wilson, Charlie and Anadon, Laura Diaz},
  journal={Energy Policy},
  volume={119},
  pages={282--293},
  year={2018},
  publisher={Elsevier}
}

@article{perkins2005international,
  title={The international diffusion of new technologies: A multitechnology analysis of latecomer advantage and global economic integration},
  author={Perkins, Richard and Neumayer, Eric},
  journal={Annals of the Association of American Geographers},
  volume={95},
  number={4},
  pages={789--808},
  year={2005},
  publisher={Taylor \& Francis}
}

@article{perkins2011internet,
  title={Is the internet really new after all? The determinants of telecommunications diffusion in historical perspective},
  author={Perkins, Richard and Neumayer, Eric},
  journal={The Professional Geographer},
  volume={63},
  number={1},
  pages={55--72},
  year={2011},
  publisher={Taylor \& Francis}
}

@article{meade2021modelling,
  title={Modelling and forecasting national introduction times for successive generations of mobile telephony},
  author={Meade, Nigel and Islam, Towhidul},
  journal={Telecommunications Policy},
  volume={45},
  number={3},
  pages={102088},
  year={2021},
  publisher={Elsevier}
}

@article{fritsch2015new,
  title={New technology in the region--agglomeration and absorptive capacity effects on laser technology research in West Germany, 1960--2005},
  author={Fritsch, Michael and Medrano Echalar, Luis F},
  journal={Economics of Innovation and New Technology},
  volume={24},
  number={1-2},
  pages={65--94},
  year={2015},
  publisher={Taylor \& Francis}
}

@article{hagerstrand1965monte,
  title={A Monte Carlo approach to diffusion},
  author={H{\"a}gerstrand, Torsten},
  journal={European Journal of Sociology/Archives Europ{\'e}ennes de Sociologie},
  volume={6},
  number={1},
  pages={43--67},
  year={1965},
  publisher={Cambridge University Press}
}

@article{malecki2002economic,
  title={The economic geography of the Internet’s infrastructure},
  author={Malecki, Edward J},
  journal={Economic geography},
  volume={78},
  number={4},
  pages={399--424},
  year={2002},
  publisher={Taylor \& Francis}
}

@book{tranos2013geography,
  title={The geography of the internet: Cities, regions and internet infrastructure in Europe},
  author={Tranos, Emmanouil},
  year={2013},
  publisher={Edward Elgar Publishing}
}

@article{riddlesden2014broadband,
  title={Broadband speed equity: A new digital divide?},
  author={Riddlesden, Dean and Singleton, Alex D},
  journal={Applied Geography},
  volume={52},
  pages={25--33},
  year={2014},
  publisher={Elsevier}
}

@article{budnitz2022working,
  title={Working from home and digital divides: Resilience during the pandemic},
  author={Budnitz, Hannah and Tranos, Emmanouil},
  journal={Annals of the American Association of Geographers},
  volume={112},
  number={4},
  pages={893--913},
  year={2022},
  publisher={Taylor \& Francis}
}

@article{crampton2013beyond,
  title={Beyond the geotag: situating ‘big data’and leveraging the potential of the geoweb},
  author={Crampton, Jeremy W and Graham, Mark and Poorthuis, Ate and Shelton, Taylor and Stephens, Monica and Wilson, Matthew W and Zook, Matthew},
  journal={Cartography and geographic information science},
  volume={40},
  number={2},
  pages={130--139},
  year={2013},
  publisher={Taylor \& Francis}
}

@article{PAPAGIANNIDIS2015308,
title = {Diffusion of web technologies and practices: A longitudinal study},
journal = {Technological Forecasting and Social Change},
volume = {96},
pages = {308-321},
year = {2015},
issn = {0040-1625},
doi = {https://doi.org/10.1016/j.techfore.2015.04.011},
url = {https://www.sciencedirect.com/science/article/pii/S0040162515001043},
author = {Savvas Papagiannidis and Bartosz Gebka and Drew Gertner and Florian Stahl},
keywords = {Web technologies, Diffusion of innovations, Geographical diffusion, Sectorial diffusion, Wayback Machine},
abstract = {Our research objective was to undertake a longitudinally study of how technologies and practices used in web development diffuse over time and whether the diffusion patterns are affected by the regions or the industries in which they take place. The diffusion of web technologies is of interest as, they are highly visible and accessible across the globe and industries by their very nature, which makes it possible to potential adopters to trial them and experience first-hand their relative advantage, compatibility and complexity. Three different cases were chosen, in order to test our hypotheses based on the Diffusion of Innovations Theory. A system was built to collect data using the Wayback Machine. The data collected covered a period of 13years. Our findings suggest that web innovations may diffuse differently when compared to each other, but also when regions and sectors are considered. Beyond testing the ecological validity of Diffusion of Innovations Theory in web-related technologies, our findings have practical implications which can inform the diffusion of technologies and standards.}
}

@article{hivner2003facilitating,
  title={Facilitating, accelerating, and sustaining the innovation diffusion process: an epidemic modeling approach},
  author={Hivner, Walter and Hopkins, Willie E and Hopkins, Shirley A},
  journal={European Journal of innovation management},
  volume={6},
  number={2},
  pages={80--89},
  year={2003},
  publisher={MCB UP Ltd}
}

@article{hagerstrand1968innovation,
  title={Innovation diffusion as a spatial process.},
  author={Hagerstrand, Torsten and others},
  journal={Innovation diffusion as a spatial process.},
  year={1968},
  publisher={Chicago, USA: Univ. Chicago Press.}
}

@article{PERES201091,
title = {Innovation diffusion and new product growth models: A critical review and research directions},
journal = {International Journal of Research in Marketing},
volume = {27},
number = {2},
pages = {91-106},
year = {2010},
issn = {0167-8116},
doi = {https://doi.org/10.1016/j.ijresmar.2009.12.012},
url = {https://www.sciencedirect.com/science/article/pii/S0167811610000236},
author = {Renana Peres and Eitan Muller and Vijay Mahajan},
}

@book{rogers2010diffusion,
  title={Diffusion of innovations},
  author={Rogers, Everett M},
  year={2010},
  publisher={Simon and Schuster}
}

