@article{beardsell1999spatial,
  title={Spatial evolution of the computer industry in the USA},
  author={Beardsell, Mark and Henderson, Vernon},
  journal={European Economic Review},
  volume={43},
  number={2},
  pages={431--456},
  year={1999},
  publisher={Elsevier}
}

@article{bednarz2020pulled,
  title={Pulled or pushed? The spatial diffusion of wind energy between local demand and supply},
  author={Bednarz, Marcel and Broekel, Tom},
  journal={Industrial and Corporate Change},
  volume={29},
  number={4},
  pages={893--916},
  year={2020},
  publisher={Oxford University Press}
}

@article{bento2015spatial,
  title={Spatial diffusion and the formation of a technological innovation system in the receiving country: The case of wind energy in Portugal},
  author={Bento, Nuno and Fontes, Margarida},
  journal={Environmental Innovation and Societal Transitions},
  volume={15},
  pages={158--179},
  year={2015},
  publisher={Elsevier}
}

@article{das2022diffusion,
  title={Diffusion of innovations: Theoretical perspectives and empirical evidence},
  author={Das, Bibhunandini},
  journal={African Journal of Science, Technology, Innovation and Development},
  volume={14},
  number={1},
  pages={94--103},
  year={2022},
  publisher={Taylor \& Francis}
}

@article{lengyel2020role,
  title={The role of geography in the complex diffusion of innovations},
  author={Lengyel, Bal{\'a}zs and Bok{\'a}nyi, Eszter and Di Clemente, Riccardo and Kert{\'e}sz, J{\'a}nos and Gonz{\'a}lez, Marta C},
  journal={Scientific reports},
  volume={10},
  number={1},
  pages={15065},
  year={2020},
  publisher={Nature Publishing Group UK London}
}

@article{morrill2020spatial,
  title={Spatial diffusion},
  author={Morrill, Richard and Gaile, Gary L and Thrall, Grant Ian},
  year={1988},
  publisher={Sage Publications}
}

@article{zook2022mapping,
  title={Mapping the uneven geographies of digital phenomena: The case of blockchain},
  author={Zook, Matthew and McCanless, Michael},
  journal={The Canadian Geographer/Le G{\'e}ographe canadien},
  volume={66},
  number={1},
  pages={23--36},
  year={2022},
  publisher={Wiley Online Library}
}

@article{leibowicz2016representing,
  title={Representing spatial technology diffusion in an energy system optimization model},
  author={Leibowicz, Benjamin D and Krey, Volker and Grubler, Arnulf},
  journal={Technological Forecasting and Social Change},
  volume={103},
  pages={350--363},
  year={2016},
  publisher={Elsevier}
}

@article{wilson201281,
title = {Up-scaling, formative phases, and learning in the historical diffusion of energy technologies},
journal = {Energy Policy},
volume = {50},
pages = {81-94},
year = {2012},
note = {Special Section: Past and Prospective Energy Transitions - Insights from History},
issn = {0301-4215},
doi = {https://doi.org/10.1016/j.enpol.2012.04.077},
url = {https://www.sciencedirect.com/science/article/pii/S030142151200393X},
author = {Charlie Wilson},
keywords = {Formative phases, Learning, Up-scaling}
}

@article{grubler1999dynamics,
  title={Dynamics of energy technologies and global change},
  author={Gr{\"u}bler, Arnulf and Naki{\'c}enovi{\'c}, Neboj{\v{s}}a and Victor, David G},
  journal={Energy policy},
  volume={27},
  number={5},
  pages={247--280},
  year={1999},
  publisher={Elsevier}
}

@book{grubler1990rise,
  title={The rise and fall of infrastructures: dynamics of evolution and technological change in transport},
  author={Grubler, Arnulf},
  year={1990},
  publisher={Physica-Verlag}
}

@article{ding2010modeling,
  title={Modeling the spatial diffusion of mobile telecommunications in China},
  author={Ding, Lei and Haynes, Kingsley E and Li, Huaqun},
  journal={The Professional Geographer},
  volume={62},
  number={2},
  pages={248--263},
  year={2010},
  publisher={Taylor \& Francis}
}

@article{bento2018time,
  title={Time to get ready: Conceptualizing the temporal and spatial dynamics of formative phases for energy technologies},
  author={Bento, Nuno and Wilson, Charlie and Anadon, Laura Diaz},
  journal={Energy Policy},
  volume={119},
  pages={282--293},
  year={2018},
  publisher={Elsevier}
}

@article{perkins2005international,
  title={The international diffusion of new technologies: A multitechnology analysis of latecomer advantage and global economic integration},
  author={Perkins, Richard and Neumayer, Eric},
  journal={Annals of the Association of American Geographers},
  volume={95},
  number={4},
  pages={789--808},
  year={2005},
  publisher={Taylor \& Francis}
}

@article{perkins2011internet,
  title={Is the internet really new after all? The determinants of telecommunications diffusion in historical perspective},
  author={Perkins, Richard and Neumayer, Eric},
  journal={The Professional Geographer},
  volume={63},
  number={1},
  pages={55--72},
  year={2011},
  publisher={Taylor \& Francis}
}

@article{meade2021modelling,
  title={Modelling and forecasting national introduction times for successive generations of mobile telephony},
  author={Meade, Nigel and Islam, Towhidul},
  journal={Telecommunications Policy},
  volume={45},
  number={3},
  pages={102088},
  year={2021},
  publisher={Elsevier}
}

@article{fritsch2015new,
  title={New technology in the region--agglomeration and absorptive capacity effects on laser technology research in West Germany, 1960--2005},
  author={Fritsch, Michael and Medrano Echalar, Luis F},
  journal={Economics of Innovation and New Technology},
  volume={24},
  number={1-2},
  pages={65--94},
  year={2015},
  publisher={Taylor \& Francis}
}

@article{hagerstrand1965monte,
  title={A Monte Carlo approach to diffusion},
  author={H{\"a}gerstrand, Torsten},
  journal={European Journal of Sociology/Archives Europ{\'e}ennes de Sociologie},
  volume={6},
  number={1},
  pages={43--67},
  year={1965},
  publisher={Cambridge University Press}
}

@article{malecki2002economic,
  title={The economic geography of the Internet’s infrastructure},
  author={Malecki, Edward J},
  journal={Economic geography},
  volume={78},
  number={4},
  pages={399--424},
  year={2002},
  publisher={Taylor \& Francis}
}

@book{tranos2013geography,
  title={The geography of the internet: Cities, regions and internet infrastructure in Europe},
  author={Tranos, Emmanouil},
  year={2013},
  publisher={Edward Elgar Publishing}
}

@article{riddlesden2014broadband,
  title={Broadband speed equity: A new digital divide?},
  author={Riddlesden, Dean and Singleton, Alex D},
  journal={Applied Geography},
  volume={52},
  pages={25--33},
  year={2014},
  publisher={Elsevier}
}

@article{budnitz2022working,
  title={Working from home and digital divides: Resilience during the pandemic},
  author={Budnitz, Hannah and Tranos, Emmanouil},
  journal={Annals of the American Association of Geographers},
  volume={112},
  number={4},
  pages={893--913},
  year={2022},
  publisher={Taylor \& Francis}
}

@article{crampton2013beyond,
  title={Beyond the geotag: situating ‘big data’and leveraging the potential of the geoweb},
  author={Crampton, Jeremy W and Graham, Mark and Poorthuis, Ate and Shelton, Taylor and Stephens, Monica and Wilson, Matthew W and Zook, Matthew},
  journal={Cartography and geographic information science},
  volume={40},
  number={2},
  pages={130--139},
  year={2013},
  publisher={Taylor \& Francis}
}

@article{PAPAGIANNIDIS2015308,
title = {Diffusion of web technologies and practices: A longitudinal study},
journal = {Technological Forecasting and Social Change},
volume = {96},
pages = {308-321},
year = {2015},
issn = {0040-1625},
doi = {https://doi.org/10.1016/j.techfore.2015.04.011},
url = {https://www.sciencedirect.com/science/article/pii/S0040162515001043},
author = {Savvas Papagiannidis and Bartosz Gebka and Drew Gertner and Florian Stahl},
keywords = {Web technologies, Diffusion of innovations, Geographical diffusion, Sectorial diffusion, Wayback Machine},
abstract = {Our research objective was to undertake a longitudinally study of how technologies and practices used in web development diffuse over time and whether the diffusion patterns are affected by the regions or the industries in which they take place. The diffusion of web technologies is of interest as, they are highly visible and accessible across the globe and industries by their very nature, which makes it possible to potential adopters to trial them and experience first-hand their relative advantage, compatibility and complexity. Three different cases were chosen, in order to test our hypotheses based on the Diffusion of Innovations Theory. A system was built to collect data using the Wayback Machine. The data collected covered a period of 13years. Our findings suggest that web innovations may diffuse differently when compared to each other, but also when regions and sectors are considered. Beyond testing the ecological validity of Diffusion of Innovations Theory in web-related technologies, our findings have practical implications which can inform the diffusion of technologies and standards.}
}

@article{hivner2003facilitating,
  title={Facilitating, accelerating, and sustaining the innovation diffusion process: an epidemic modeling approach},
  author={Hivner, Walter and Hopkins, Willie E and Hopkins, Shirley A},
  journal={European Journal of innovation management},
  volume={6},
  number={2},
  pages={80--89},
  year={2003},
  publisher={MCB UP Ltd}
}

@article{hagerstrand1968innovation,
  title={Innovation diffusion as a spatial process.},
  author={H{\"a}gerstrand, Torsten and others},
  journal={Innovation diffusion as a spatial process.},
  year={1968},
  publisher={Chicago, USA: Univ. Chicago Press.}
}

@article{PERES201091,
title = {Innovation diffusion and new product growth models: A critical review and research directions},
journal = {International Journal of Research in Marketing},
volume = {27},
number = {2},
pages = {91-106},
year = {2010},
issn = {0167-8116},
doi = {https://doi.org/10.1016/j.ijresmar.2009.12.012},
url = {https://www.sciencedirect.com/science/article/pii/S0167811610000236},
author = {Renana Peres and Eitan Muller and Vijay Mahajan},
}

@book{rogers2010diffusion,
  title={Diffusion of innovations},
  author={Rogers, Everett M},
  year={2010},
  publisher={Simon and Schuster}
}

@article{victor1993,
title = {Overt diffusion as technology transfer},
journal = {International Journal of Research in Marketing},
volume = {18},
pages = {535-538},
year = {1993},
author = {Victor, D.},
}

@article{griliches1957,
title = {Hybrid corn: An exploration in the economics of technological change},
journal = {Econometrica},
volume = {25},
number = {4},
pages = {501-522},
year = {1957},
author = {Griliches, Z.},
}

@article{tranosuk,
  title={Digital economy in the UK: regional productivity effects of early adoption},
  author={Tranos, E and Kitsos, T and Ortega-Argil{\'e}s, R},
  journal={Regional Studies},
  year={2021},
  volume={55},
  number={12},
  pages={1924--1938}
}

@manual{ons2018,
  title={{Internet access--households and individuals: 2018}},
  author={{Office for National Statistics}},
  organisation={Office for National Statistics},
  address={London},
  year={2018}
}

@book{rosenberg1994exploring,
  title={Exploring the black box: Technology, economics, and history},
  author={Rosenberg, Nathan},
  year={1994},
  publisher={Cambridge University Press}
}

@article{tranos2020social,
  title={Social network sites and knowledge transfer: An urban perspective},
  author={Tranos, Emmanouil},
  journal={Journal of Planning Literature},
  volume={35},
  number={4},
  pages={408--422},
  year={2020},
  publisher={SAGE Publications Sage CA: Los Angeles, CA}
}

@inproceedings{wilson2011lessons,
  title={Lessons from the history of technological change for clean energy scenarios and policies},
  author={Wilson, Charlie and Grubler, Arnulf},
  booktitle={Natural Resources Forum},
  volume={35},
  number={3},
  pages={165--184},
  year={2011},
  organization={Wiley Online Library}
}

@article{neffke2011regions,
  title={How do regions diversify over time? Industry relatedness and the development of new growth paths in regions},
  author={Neffke, Frank and Henning, Martin and Boschma, Ron},
  journal={Economic geography},
  volume={87},
  number={3},
  pages={237--265},
  year={2011},
  publisher={Taylor \& Francis}
}

@article{simmie2014new,
  title={New technological path creation: evidence from the British and German wind energy industries},
  author={Simmie, James and Sternberg, Rolf and Carpenter, Juliet},
  journal={Journal of Evolutionary Economics},
  volume={24},
  pages={875--904},
  year={2014},
  publisher={Springer}
}

@article{acemoglu2014return,
  title={Return of the Solow paradox? IT, productivity, and employment in US manufacturing},
  author={Acemoglu, Daron and Autor, David and Dorn, David and Hanson, Gordon H and Price, Brendan},
  journal={American Economic Review},
  volume={104},
  number={5},
  pages={394--399},
  year={2014},
  publisher={American Economic Association 2014 Broadway, Suite 305, Nashville, TN 37203}
}

@incollection{brynjolfsson2018artificial,
  title={Artificial intelligence and the modern productivity paradox: A clash of expectations and statistics},
  author={Brynjolfsson, Erik and Rock, Daniel and Syverson, Chad},
  booktitle={The economics of artificial intelligence: An agenda},
  pages={23--57},
  year={2018},
  publisher={University of Chicago Press}
}

@article{riddlesden2014broadband,
  title={Broadband speed equity: A new digital divide?},
  author={Riddlesden, Dean and Singleton, Alex D},
  journal={Applied Geography},
  volume={52},
  pages={25--33},
  year={2014},
  publisher={Elsevier}
}

@article{blank2018local,
  title={Local geographies of digital inequality},
  author={Blank, Grant and Graham, Mark and Calvino, Claudio},
  journal={Social Science Computer Review},
  volume={36},
  number={1},
  pages={82--102},
  year={2018},
  publisher={SAGE Publications Sage CA: Los Angeles, CA}
}

@article{meyer2018improving,
  title={Improving performance of spatio-temporal machine learning models using forward feature selection and target-oriented validation},
  author={Meyer, Hanna and Reudenbach, Christoph and Hengl, Tomislav and Katurji, Marwan and Nauss, Thomas},
  journal={Environmental Modelling \& Software},
  volume={101},
  pages={1--9},
  year={2018},
  publisher={Elsevier}
}

@article{pontius2008components,
  title={Components of information for multiple resolution comparison between maps that share a real variable},
  author={Pontius, Robert Gilmore and Thontteh, Olufunmilayo and Chen, Hao},
  journal={Environmental and Ecological Statistics},
  volume={15},
  number={2},
  pages={111--142},
  year={2008},
  publisher={Springer}
}

@article{faraj2016special,
  title={Special section introduction—Online community as space for knowledge flows},
  author={Faraj, Samer and von Krogh, Georg and Monteiro, Eric and Lakhani, Karim R},
  journal={Information systems research},
  volume={27},
  number={4},
  pages={668--684},
  year={2016},
  publisher={INFORMS}
}

@article{barassi2012does,
  title={Does Web 3.0 come after Web 2.0? Deconstructing theoretical assumptions through practice},
  author={Barassi, Veronica and Trer{\'e}, Emiliano},
  journal={New media \& society},
  volume={14},
  number={8},
  pages={1269--1285},
  year={2012},
  publisher={Sage Publications Sage UK: London, England}
}

@article{ukwebarchive,
  title={JISC UK Web Domain Dataset (1996-2010)},
  author={Andrew N. Jackson},
  journal={The British Library},
  doi={https://doi.org/10.5259/ukwa.ds.2/1},
  year={2013}
}

@misc{BL2013geo,
  author = {Jackson, Andrew N.},
  title = {JISC UK Web Domain Dataset (1996-2010) Geoindex},
  year = {2017},
  publisher = {The British Library},
  doi = {https://doi.org/10.5259/ukwa.ds.2/geo/1}
}

@misc{BL2013links,
  author = {Jackson, Andrew N.},
  title = {JISC UK Web Domain Dataset (1996-2010) Host Link Graph},
  year = {2017},
  publisher = {The British Library},
  doi = {https://doi.org/10.5259/ukwa.ds.2/host.linkage/1}
}

@article{shoreditch,
  author = {Christoph Stich and Emmanouil Tranos and Max Nathan},
  title ={Modeling clusters from the ground up: A web data approach},
  journal = {Environment and Planning B: Urban Analytics and City Science},
  volume = {50},
  number = {1},
  pages = {244-267},
  year = {2023},
  doi = {10.1177/23998083221108185},
  URL = {https://doi.org/10.1177/23998083221108185},
  eprint = {https://doi.org/10.1177/23998083221108185}
}

@article{THELWALL2000441,
title = {Who is using the .co.uk domain? Professional and media adoption of the web},
journal = {International Journal of Information Management},
volume = {20},
number = {6},
pages = {441-453},
year = {2000},
issn = {0268-4012},
doi = {https://doi.org/10.1016/S0268-4012(00)00038-4},
url = {https://www.sciencedirect.com/science/article/pii/S0268401200000384},
author = {Mike Thelwall},
keywords = {World wide web, Small business, Electronic commerce},
abstract = {This paper reports on a survey of 221 web sites chosen at random from a subset of the .co.uk area of the Internet. A breakdown of the types of business represented shows that whilst computing companies continue to have a sizeable presence on the web, certain other types of business now also have a relatively large number of sites. The survey found many media-related businesses and professional-based companies and practices, reflecting the increasing use of Information Technology in these areas but also the increasing knowledge about the Internet that is needed or helpful in many types of job. The results are consistent with general business use of the web in the UK still being in an experimental phase of web site creation by those who can rather than by those who should.}
}

@article{blazquez2018big,
  title={Big Data sources and methods for social and economic analyses},
  author={Blazquez, Desamparados and Domenech, Josep},
  journal={Technological Forecasting and Social Change},
  volume={130},
  pages={99--113},
  year={2018},
  publisher={Elsevier}
}

@misc{hope,
  author = {Oli Hope},
  title = {The changing face of the online world},
  year = {2017},
  howpublished = {https://www.nominet.uk/changing-face-online-world/},
  note = {Accessed: 2021-03-05}
}

@book{oecd_coms,
   author = "OECD",
   title = "OECD Communications Outlook 2001",
   year = "2001",
   pages = 283,
   url = "https://www.oecd-ilibrary.org/content/publication/comms_outlook-2001-en",
   doi = "https://doi.org/https://doi.org/10.1787/comms_outlook-2001-en" 
}

@inproceedings{ainsworth2011much,
  title={How much of the web is archived?},
  author={Ainsworth, Scott G and Alsum, Ahmed and SalahEldeen, Hany and Weigle, Michele C and Nelson, Michael L},
  booktitle={Proceedings of the 11th annual international ACM/IEEE joint conference on Digital libraries},
  pages={133--136},
  year={2011}
}

@inproceedings{holzmann2016dawn,
  title={The Dawn of today's popular domains: A study of the archived German Web over 18 years},
  author={Holzmann, Helge and Nejdl, Wolfgang and Anand, Avishek},
  booktitle={Proceedings of the 16th ACM/IEEE-CS on Joint Conference on Digital Libraries},
  pages={73--82},
  year={2016}
}

@article{grubler1996time,
  title={Time for a change: on the patterns of diffusion of innovation},
  author={Gr{\"u}bler, Arnulf},
  journal={Daedalus},
  volume={125},
  number={3},
  pages={19--42},
  year={1996},
  publisher={JSTOR}
}

@article{england2005polynet,
  title={POLYNET Action 1.2 Quantitative},
  author={Pain, Kathy and Walker, David},
  year={2005},
  publisher={POLYNET}
}

@article{cook2007role,
  title={The role of location in knowledge creation and diffusion: evidence of centripetal and centrifugal forces in the City of London financial services agglomeration},
  author={Cook, Gary AS and Pandit, Naresh R and Beaverstock, Jonathan V and Taylor, Peter J and Pain, Kathy},
  journal={Environment and Planning A},
  volume={39},
  number={6},
  pages={1325--1345},
  year={2007},
  publisher={SAGE Publications Sage UK: London, England}
}

@article{oatley1999cultural,
  title={Cultural policy and the cultural economy in Bristol},
  author={Oatley, Nick and Griffiths, Ron and Bassett, Keith and Smith, Ian},
  journal={Local Economy},
  volume={14},
  number={3},
  pages={257--264},
  year={1999},
  publisher={Taylor \& Francis}
}

@article{bassett2002cultural,
  title={Cultural industries, cultural clusters and the city: the example of natural history film-making in Bristol},
  author={Bassett, Keith and Griffiths, Ron and Smith, Ian},
  journal={Geoforum},
  volume={33},
  number={2},
  pages={165--177},
  year={2002},
  publisher={Elsevier}
}

@article{risk_perceptions,
author = {Rachel E. Stuck and Bruce N. Walker},
title ={Risk Perceptions of Common Technologies},
journal = {Proceedings of the Human Factors and Ergonomics Society Annual Meeting},
volume = {63},
number = {1},
pages = {1316-1320},
year = {2019},
doi = {10.1177/1071181319631128},
URL = {https://doi.org/10.1177/1071181319631128},
}

@article{venkatesh2000theoretical,
  title={A theoretical extension of the technology acceptance model: Four longitudinal field studies},
  author={Venkatesh, Viswanath and Davis, Fred D},
  journal={Management science},
  volume={46},
  number={2},
  pages={186--204},
  year={2000},
  publisher={INFORMS}
}

@incollection{teece2008firm,
  address={Singapore},
  title={Firm capabilities and economic development: implications for newly industrializing economies},
  booktitle={Technological Know-How, Organizational Capabilities, and Strategic Management},
  publisher={World Scientific Publishing},
  author={Teece, David J},
  edito={L. Kim and R. R. Nelson},
  year={2000},
  pages={105--128}
}

@article{yu2018sustainability,
  title={Sustainability transitions and leapfrogging in latecomer cities: the development of solar thermal energy in Dezhou, China},
  author={Yu, Zhen and Gibbs, David},
  journal={Regional Studies},
  volume={52},
  number={1},
  pages={68--79},
  year={2018},
  publisher={Taylor \& Francis}
}

@article{tranos2023using,
  title={Using the web to predict regional trade flows: Data extraction, modeling, and validation},
  author={Tranos, Emmanouil and Carrascal-Incera, Andr{\'e} and Willis, George},
  journal={Annals of the American Association of Geographers},
  volume={113},
  number={3},
  pages={717--739},
  year={2023},
  publisher={Taylor \& Francis}
}

@article{biau2012analysis,
  title={Analysis of a random forests model},
  author={Biau, G{\~A}{\v{S}}rard},
  journal={Journal of Machine Learning Research},
  volume={13},
  number={Apr},
  pages={1063--1095},
  year={2012}
}

@article{breiman2001random,
  title={Random forests},
  author={Breiman, Leo},
  journal={Machine learning},
  volume={45},
  number={1},
  pages={5--32},
  year={2001},
  publisher={Springer}
}

@inproceedings{Caruana2008,
author = {Caruana, Rich and Karampatziakis, Nikos and Yessenalina, Ainur},
title = {An Empirical Evaluation of Supervised Learning in High Dimensions},
year = {2008},
isbn = {9781605582054},
publisher = {Association for Computing Machinery},
address = {New York, NY, USA},
url = {https://doi.org/10.1145/1390156.1390169},
doi = {10.1145/1390156.1390169},
booktitle = {Proceedings of the 25th International Conference on Machine Learning},
pages = {96–103},
numpages = {8},
location = {Helsinki, Finland},
series = {ICML ’08}
}

@article{liaw2002classification,
  title={Classification and regression by randomForest},
  author={Liaw, Andy and Wiener, Matthew and others},
  journal={R news},
  volume={2},
  number={3},
  pages={18--22},
  year={2002}
}

@article{yan2020using,
  title={Using machine learning for direct demand modeling of ridesourcing services in Chicago},
  author={Yan, Xiang and Liu, Xinyu and Zhao, Xilei},
  journal={Journal of Transport Geography},
  volume={83},
  pages={102661},
  year={2020},
  publisher={Elsevier}
}

@article{mullainathan2017machine,
  title={Machine learning: an applied econometric approach},
  author={Mullainathan, Sendhil and Spiess, Jann},
  journal={Journal of Economic Perspectives},
  volume={31},
  number={2},
  pages={87--106},
  year={2017}
}

@article{athey2019machine,
  title={Machine learning methods that economists should know about},
  author={Athey, Susan and Imbens, Guido W},
  journal={Annual Review of Economics},
  volume={11},
  pages={685--725},
  year={2019},
  publisher={Annual Reviews}
}

@article{sulaiman2011intelligent,
  title={Intelligent web caching using machine learning methods},
  author={Sulaiman, Sarina and Shamsuddin, Siti Mariyam and Abraham, Ajith and Sulaiman, Shahida},
  journal={Neural Network World},
  volume={21},
  number={5},
  pages={429},
  year={2011},
  publisher={Institute of Computer Science}
}

@article{pourebrahim2019trip,
  title={Trip distribution modeling with Twitter data},
  author={Pourebrahim, Nastaran and Sultana, Selima and Niakanlahiji, Amirreza and Thill, Jean-Claude},
  journal={Computers, Environment and Urban Systems},
  volume={77},
  pages={101354},
  year={2019},
  publisher={Elsevier}
}

@article{sinha2019assessing,
  title={Assessing the spatial sensitivity of a random forest model: Application in gridded population modeling},
  author={Sinha, Parmanand and Gaughan, Andrea E and Stevens, Forrest R and Nieves, Jeremiah J and Sorichetta, Alessandro and Tatem, Andrew J},
  journal={Computers, Environment and Urban Systems},
  volume={75},
  pages={132--145},
  year={2019},
  publisher={Elsevier}
}

@article{creditspatial,
  title={Spatial Models or Random Forest? Evaluating the Use of Spatially Explicit Machine Learning Methods to Predict Employment Density around New Transit Stations in Los Angeles},
  author={Credit, Kevin},
  journal={Geographical Analysis},
  publisher={Wiley Online Library},
  year={2021}
}

@article{guns2014recommending,
  title={Recommending research collaborations using link prediction and random forest classifiers},
  author={Guns, Raf and Rousseau, Ronald},
  journal={Scientometrics},
  volume={101},
  number={2},
  pages={1461--1473},
  year={2014},
  publisher={Springer}
}

@article{ren2019predicting,
  title={Predicting socio-economic levels of urban regions via offline and online indicators},
  author={Ren, Yi and Xia, Tong and Li, Yong and Chen, Xiang},
  journal={PloS one},
  volume={14},
  number={7},
  year={2019},
  publisher={Public Library of Science}
}

@article{zhou2023geography,
  title={Where is the geography? A study of the predictors of obesity using UK Biobank data and machine learning},
  author={Zhou, Yunqi and Harris, Richard and Tranos, Emmanouil},
  journal={Journal of Geovisualization and Spatial Analysis},
  volume={7},
  number={2},
  pages={17},
  year={2023},
  publisher={Springer}
}

@article{last2002improving,
  title={Improving stability of decision trees},
  author={Last, Mark and Maimon, Oded and Minkov, Einat},
  journal={International Journal of Pattern Recognition and Artificial Intelligence},
  volume={16},
  number={02},
  pages={145--159},
  year={2002},
  publisher={World Scientific}
}

@article{iso2005,
  title={Uneven Geographies of Organizational Practice: Explaining the Cross-National Transfer and Diffusion of ISO 9000},
  author={Neumayer, Eric and Perkins, Richard},
  journal={Economic Geography},
  year={2005},
  volume={81},
  number={3},
  pages={237–-259}
}

@article{ormrod1990,
  title={Uneven Geographies of Organizational Practice: Explaining the Cross-National Transfer and Diffusion of ISO 9000},
  author={Richard K. Ormrod},
  journal={Economic Geography},
  year={1990},
  volume={66},
  number={2},
  pages={109–-122}
}

@article{destefano2022fuzzy,
  title={The (fuzzy) digital divide: the effect of universal broadband on firm performance},
  author={DeStefano, Timothy and Kneller, Richard and Timmis, Jonathan},
  journal={Journal of Economic Geography},
  year={2022}
}

@article{kemeny2011international,
  title={Are international technology gaps growing or shrinking in the age of globalization?},
  author={Kemeny, Thomas},
  journal={Journal of Economic Geography},
  volume={11},
  number={1},
  pages={1--35},
  year={2011},
  publisher={Oxford University Press}
}

@article{capello2024nexus,
  title={The Nexus between the Digital Service Economy and Intraregional Wage Inequalities},
  author={Capello, Roberta and Lenzi, Camilla and Panzera, Elisa},
  journal={Economic Geography},
  pages={1--28},
  year={2024},
  publisher={Taylor \& Francis}
}

@article{solow1957technical,
  title={Technical change and the aggregate production function},
  author={Solow, Robert M},
  journal={The review of Economics and Statistics},
  volume={39},
  number={3},
  pages={312--320},
  year={1957},
  publisher={JSTOR}
}

@article{aghion1990model,
  title={A Model of Growth through Creative Destruction},
  author={Aghion, P},
  year={1990},
  journal={Econometrica},
  volume={60},
  pages={428--439}
}

@article{gaspar1998information,
  title={Information technology and the future of cities},
  author={Gaspar, Jess and Glaeser, Edward L},
  journal={Journal of urban economics},
  volume={43},
  number={1},
  pages={136--156},
  year={1998},
  publisher={Elsevier}
}

@article{tranos2021ubiquitous,
  title={Ubiquitous digital technologies and spatial structure; an update},
  author={Tranos, Emmanouil and Ioannides, Yannis M},
  journal={Plos One},
  volume={16},
  number={4},
  pages={e0248982},
  year={2021},
  publisher={Public Library of Science San Francisco, CA USA}
}

@article{forman2005did,
  title={How did location affect adoption of the commercial Internet? Global village vs. urban leadership},
  author={Forman, Chris and Goldfarb, Avi and Greenstein, Shane},
  journal={Journal of urban Economics},
  volume={58},
  number={3},
  pages={389--420},
  year={2005},
  publisher={Elsevier}
}

@article{sinai2004geography,
  title={Geography and the Internet: Is the Internet a Substitute or a Complement for Cities?},
  author={Sinai, Todd and Waldfogel, Joel},
  journal={Journal of Urban Economics},
  volume={56},
  number={1},
  pages={1--24},
  year={2004},
  publisher={Elsevier}
}

@incollection{kolko_death_2000,
	address = {Cambridge, MA and London, UK},
	title = {The death of cities? {The} death of distance? {Evidence} from the geography of commercial {Internet} usage},
	booktitle = {The internet upheaval: {Raising} questions, seeking answers in communications policy},
	publisher = {The MIT Press},
	author = {Kolko, Jed},
	editor = {Ingo Vogelsang and Benjamin M. Compaine},
	year = {2000},
	pages = {73--98}
}

@article{ioannides2008effect,
  title={The effect of information and communication technologies on urban structure},
  author={Ioannides, Yannis M and Overman, Henry G and Rossi-Hansberg, Esteban and Schmidheiny, Kurt},
  journal={Economic Policy},
  volume={23},
  number={54},
  pages={202--242},
  year={2008},
  publisher={Oxford University Press}
}

@article{haller2011determinants,
  title={Determinants of ICT adoption: Evidence from firm-level data},
  author={Haller, Stefanie A and Siedschlag, Iulia},
  journal={Applied Economics},
  volume={43},
  number={26},
  pages={3775--3788},
  year={2011},
  publisher={Taylor \& Francis}
}

@book{coyle1999weightless,
  title={The weightless world: strategies for managing the digital economy},
  author={Coyle, Diane},
  year={1999},
  publisher={MIT press}
}

@article{feldman2015rknowledge,
  title={rKnowledge: The spatial diffusion and adoption of rDNA methods},
  author={Feldman, Maryann P. and Kogler, Dieter F. and Rigby, David L.},
  journal={Regional Studies},
  volume={49},
  number={5},
  pages={798--817},
  year={2015},
  publisher={Taylor \& Francis}
}

@article{bakher2013diffusion,
  title={The diffusion of online shopping in Australia: Comparing the Bass, Logistic and Gompertz growth models},
  author={Bakher Naseri, Mohammad and Elliott, Greg},
  journal={Journal of Marketing Analytics},
  volume={1},
  pages={49--60},
  year={2013},
  publisher={Springer}
}

@article{moss2000internet,
  title={The Internet backbone and the American metropolis},
  author={Moss, Mitchell L and Townsend, Anthony M},
  journal={The information society},
  volume={16},
  number={1},
  pages={35--47},
  year={2000},
  publisher={Taylor \& Francis}
}

@article{zook2000web,
  title={The web of production: the economic geography of commercial Internet content production in the United States},
  author={Zook, Matthew A},
  journal={Environment and planning A},
  volume={32},
  number={3},
  pages={411--426},
  year={2000},
  publisher={SAGE Publications Sage UK: London, England}
}

@article{zook2001old,
  title={Old hierarchies or new networks of centrality? The global geography of the Internet content market},
  author={Zook, Matthew A},
  journal={American Behavioral Scientist},
  volume={44},
  number={10},
  pages={1679--1696},
  year={2001},
  publisher={SAGE Publications}
}

@article{moss1997tracking,
  title={Tracking the net: using domain names to measure the growth of the Internet in US cities},
  author={Moss, Mitchell L and Townsend, Anthony},
  journal={Journal of Urban technology},
  volume={4},
  number={3},
  pages={47--60},
  year={1997},
  publisher={Taylor \& Francis}
}

@article{tranos2013death,
  title={"The death of distance revisited: Cyber-place, physical and relational proximities"},
  author={Tranos, Emmanouil and Nijkamp, Peter},
  journal={Journal of Regional Science},
  volume={53},
  number={5},
  pages={855--873},
  year={2013},
  publisher={Wiley Online Library}
}

@book{hill2009georeferencing,
  title={Georeferencing: The geographic associations of information},
  author={Hill, Linda L},
  year={2009},
  publisher={Mit Press}
}

@article{gorman2002web,
  title={Where are the Web factories: The urban bias of e--business location},
  author={Gorman, Sean P},
  journal={Tijdschrift voor economische en sociale geografie},
  volume={93},
  number={5},
  pages={522--536},
  year={2002},
  publisher={Wiley Online Library}
}

@article{PERIS2021101565,
title = {Information diffusion between Dutch cities: Revisiting Zipf and Pred using a computational social science approach},
journal = {Computers, Environment and Urban Systems},
volume = {85},
pages = {101565},
year = {2021},
issn = {0198-9715},
doi = {https://doi.org/10.1016/j.compenvurbsys.2020.101565},
url = {https://www.sciencedirect.com/science/article/pii/S0198971520302982},
author = {Antoine Peris and Evert Meijers and Maarten {van Ham}},
keywords = {System of cities, Information flows, Gravity model, Netherlands, Historical newspapers},
abstract = {News travels fast and far, and the general idea is that the spatial extent of news coverage has increased over time. Information flows are always involved in systems of interdependent cities. This is the reason why George Zipf and Allan Pred, both pioneers of the urban systems literature, were eager to obtain data on these relations to understand urban system dynamics. However, because of limited resources in data acquisition, they restricted their studies to small samples of cities or short periods of time. By using novel computational social science techniques on a digital archive of historical newspapers, we could map and explore changes in the spatial extent of news coverage in the Netherlands at an unprecedented detailed scale for a period of 62 years. In this paper, we analyse 24 million news items mentioning 312 different cities and towns in a sample of 31 local newspapers. Thanks to this data, we were able to reconstruct the information field of urban readerships from different cities and how it changed over time. By analysing their evolution, we find evidence of space-time contraction with an increasing coverage of faraway places in the period ranging from 1869 to 1930. However, this coverage is not evenly distributed but is characterized by a hierarchical selection process. Coverage of the largest cities in the Randstad increased at the expense of information flows from intermediate provincial cities. More generally, this paper shows how computational social science approaches may offer new ways of looking at urban dynamics with large text corpora such as digital archives of historical newspapers.}
}

@misc{ons,
  author = {{Office for National Statistics}},
  title = {Open Geography portal},
  year = 2025,
  url = {https://geoportal.statistics.gov.uk/},
  note = {{Accessed on January 5, 2025}}
}

@article{mccann2022productivity,
  title={The productivity performance of different types of UK regions and the challenges of levelling up},
  author={McCann, Philip and Yuan, Pei-Yu},
  journal={National Institute Economic Review},
  volume={261},
  pages={79--98},
  year={2022},
  publisher={Cambridge University Press}
}

@article{cherp2021national,
  title={National growth dynamics of wind and solar power compared to the growth required for global climate targets},
  author={Cherp, Aleh and Vinichenko, Vadim and Tosun, Jale and Gordon, Joel A and Jewell, Jessica},
  journal={Nature Energy},
  volume={6},
  number={7},
  pages={742--754},
  year={2021},
  publisher={Nature Publishing Group UK London}
}

@article{woo2017exploring,
  title={Exploring the relationship between technological improvement and innovation diffusion: An empirical test},
  author={Woo, JongRoul and Magee, Christopher L},
  journal={arXiv preprint arXiv:1704.03597},
  year={2017}
}

@Inbook{Batty2009,
author="Batty, Michael",
editor="Meyers, Robert A.",
title="Cities as Complex Systems: Scaling, Interaction, Networks, Dynamics and Urban Morphologies",
bookTitle="Encyclopedia of Complexity and Systems Science",
year="2009",
publisher="Springer New York",
address="New York, NY",
pages="1041--1071",
isbn="978-0-387-30440-3",
doi="10.1007/978-0-387-30440-3_69",
url="https://doi.org/10.1007/978-0-387-30440-3_69"
}

@article{dennis2002central,
  title={Central place practice: shopping centre attractiveness measures, hinterland boundaries and the UK retail hierarchy},
  author={Dennis, Charles and Marsland, David and Cockett, Tony},
  journal={Journal of Retailing and Consumer Services},
  volume={9},
  number={4},
  pages={185--199},
  year={2002},
  publisher={Elsevier}
}

@article{jones2021reframing,
  title={Reframing the intra-urban retail hierarchy},
  author={Jones, Colin},
  journal={Cities},
  volume={109},
  pages={103037},
  year={2021},
  publisher={Elsevier}
}

@article{pavlis2018modified,
  title={A modified DBSCAN clustering method to estimate retail center extent},
  author={Pavlis, Michalis and Dolega, Les and Singleton, Alex},
  journal={Geographical Analysis},
  volume={50},
  number={2},
  pages={141--161},
  year={2018},
  publisher={Wiley Online Library}
}